@book{Coulouris:2011:DSC:2029110,
 author = {Coulouris, George and Dollimore, Jean and Kindberg, Tim and Blair, Gordon},
 title = {Distributed Systems: Concepts and Design},
 year = {2011},
 isbn = {0132143011, 9780132143011},
 edition = {5th},
 publisher = {Addison-Wesley Publishing Company},
 address = {USA},
}

@INPROCEEDINGS{Araguz15,
author={Araguz, C. and Alvaro, A. and Del Portillo, I. and Root, K. and Alarcon, E. and Bou-Balust, E.},
booktitle={Aerospace Conference, 2015 IEEE},
title={On autonomous software architectures for distributed spacecraft: A Local-Global Policy},
year={2015},
pages={1-9},
keywords={aerospace computing;artificial satellites;software architecture;space vehicles;adaptive management policy;autonomous software architectures;collaborative spacecraft;distributed architecture missions;distributed mission control;distributed spacecraft architectures;fractionated spacecraft;hardware perspective;hardware technologies;local global approach;local global policy;management policy;satellite swarms;Collaboration;Computer architecture;Hardware;Satellites;Software;Software architecture;Space vehicles},
doi={10.1109/AERO.2015.7119182},
month={March},}

@book{Tanenbaum:2006:DSP:1202502,
 author = {Tanenbaum, Andrew S. and Steen, Maarten van},
 title = {Distributed Systems: Principles and Paradigms (2Nd Edition)},
 year = {2006},
 isbn = {0132392275},
 publisher = {Prentice-Hall, Inc.},
 address = {Upper Saddle River, NJ, USA},
}


@INPROCEEDINGS{Edalat09,
author={Edalat, N. and Wendong Xiao and Chen-Khong Tham and Keikha, E. and Lee-Ling Ong},
booktitle={Mobile Adhoc and Sensor Systems, 2009. MASS '09. IEEE 6th International Conference on},
title={A price-based adaptive task allocation for Wireless Sensor Network},
year={2009},
pages={888-893},
keywords={pricing;resource allocation;wireless sensor networks;adaptive task allocation scheme;energy balancing;energy consumption;environmental changes;market-based architecture;message exchanged mechanisms;network sensor nodes;price-based adaptive task allocation;resource-constrained network;static task scheduling;wireless sensor networks;Availability;Delay;Dynamic scheduling;Energy consumption;Pricing;Processor scheduling;Resource management;Sensor phenomena and characterization;Voltage control;Wireless sensor networks},
doi={10.1109/MOBHOC.2009.5337039},
month={Oct},}